<?xml version="1.0" encoding="UTF-8"?><collection xmlns="http://www.loc.gov/MARC21/slim"><record><leader>00359nam--2200133-i-4500</leader><controlfield tag="001">000031558</controlfield><controlfield tag="002">20161230</controlfield><controlfield tag="005">20161230201038</controlfield><controlfield tag="008">060222s1000------------r-----000-0-eng-d</controlfield><datafield ind1=" " ind2=" " tag="100"><subfield code="a">Loomis, L.H</subfield></datafield><datafield ind1=" " ind2=" " tag="245"><subfield code="a">An introduction to abstract harmonic analysis</subfield></datafield><datafield ind1=" " ind2=" " tag="260"><subfield code="a">New York, Van Nostrand, 1953. X+190p</subfield></datafield><datafield ind1=" " ind2=" " tag="852"><subfield code="a">11821</subfield><subfield code="c">517.5</subfield></datafield><datafield ind1=" " ind2=" " tag="CAT"><subfield code="a">Sys</subfield><subfield code="c">20080729</subfield><subfield code="h">125405</subfield></datafield></record></collection>